<record><leader>00000cas a2200000 a 4500</leader><controlfield tag="001">31729474</controlfield><controlfield tag="008">941221d19481989nyuwr ne      0    0eng c</controlfield><datafield ind1=" " ind2=" " tag="010"><subfield code="a">sn 95071071 </subfield></datafield><datafield ind1=" " ind2=" " tag="040"><subfield code="a">NYS</subfield><subfield code="b">eng</subfield><subfield code="c">NYS</subfield><subfield code="d">OCLCQ</subfield><subfield code="d">OCLCF</subfield><subfield code="d">OCLCO</subfield></datafield><datafield ind1="1" ind2=" " tag="029"><subfield code="a">AU@</subfield><subfield code="b">000011579727</subfield></datafield><datafield ind1=" " ind2=" " tag="042"><subfield code="a">pcc</subfield></datafield><datafield ind1=" " ind2=" " tag="043"><subfield code="a">n-us-ny</subfield></datafield><datafield ind1="0" ind2="0" tag="245"><subfield code="a">Elmonitor.</subfield></datafield><datafield ind1=" " ind2=" " tag="260"><subfield code="a">Elmont, L.I., N.Y. :</subfield><subfield code="b">Elmonitor Press,</subfield><subfield code="c">1948-1989.</subfield></datafield><datafield ind1=" " ind2=" " tag="300"><subfield code="a">v.</subfield></datafield><datafield ind1=" " ind2=" " tag="310"><subfield code="a">Weekly,</subfield><subfield code="b">&lt;Jan. 1, 1953&gt;-1989</subfield></datafield><datafield ind1=" " ind2=" " tag="321"><subfield code="a">Biweekly,</subfield><subfield code="b">Apr. 15-Nov. 4, 1948</subfield></datafield><datafield ind1=" " ind2=" " tag="321"><subfield code="a">Weekly,</subfield><subfield code="b">Nov. 18, 1948-Jan. 20, 1949</subfield></datafield><datafield ind1=" " ind2=" " tag="321"><subfield code="a">Biweekly,</subfield><subfield code="b">Feb. 10, 1949-&lt;Mar. 24, 1949&gt;</subfield></datafield><datafield ind1="0" ind2=" " tag="362"><subfield code="a">Vol. 1, no. 1 (Apr. 15, 1948)-v. 46, no. 17 (July 28, 1989).</subfield></datafield><datafield ind1=" " ind2=" " tag="500"><subfield code="a">Publisher: Anton Community Newspapers, &lt;1987&gt;-1989.</subfield></datafield><datafield ind1=" " ind2=" " tag="500"><subfield code="a">Published in Mineola, N.Y., &lt;1987&gt;-1989.</subfield></datafield><datafield ind1=" " ind2=" " tag="500"><subfield code="a">"Covering: Elmont, Franklin Square, North Valley Stream and South Floral Park," &lt;1987&gt;-1989.</subfield></datafield><datafield ind1=" " ind2=" " tag="515"><subfield code="a">Dec. 27, 1957 issue is misdated Dec. 27, 1956.</subfield></datafield><datafield ind1=" " ind2="0" tag="651"><subfield code="a">Elmont (N.Y.)</subfield><subfield code="v">Newspapers.</subfield></datafield><datafield ind1=" " ind2="0" tag="651"><subfield code="a">Mineola (N.Y.)</subfield><subfield code="v">Newspapers.</subfield></datafield><datafield ind1=" " ind2="0" tag="651"><subfield code="a">Franklin Square (N.Y.)</subfield><subfield code="v">Newspapers.</subfield></datafield><datafield ind1=" " ind2="0" tag="651"><subfield code="a">Valley Stream (N.Y.)</subfield><subfield code="v">Newspapers.</subfield></datafield><datafield ind1=" " ind2="0" tag="651"><subfield code="a">Floral Park (N.Y.)</subfield><subfield code="v">Newspapers.</subfield></datafield><datafield ind1=" " ind2="0" tag="651"><subfield code="a">Nassau County (N.Y.)</subfield><subfield code="v">Newspapers.</subfield></datafield><datafield ind1=" " ind2="7" tag="655"><subfield code="a">Newspapers.</subfield><subfield code="2">fast</subfield><subfield code="0">(OCoLC)fst01423814</subfield></datafield><datafield ind1=" " ind2="7" tag="651"><subfield code="a">New York (State)</subfield><subfield code="z">Elmont.</subfield><subfield code="2">fast</subfield><subfield code="0">(OCoLC)fst01238219</subfield></datafield><datafield ind1=" " ind2="7" tag="651"><subfield code="a">New York (State)</subfield><subfield code="z">Floral Park.</subfield><subfield code="2">fast</subfield><subfield code="0">(OCoLC)fst01233337</subfield></datafield><datafield ind1=" " ind2="7" tag="651"><subfield code="a">New York (State)</subfield><subfield code="z">Franklin Square.</subfield><subfield code="2">fast</subfield><subfield code="0">(OCoLC)fst01269838</subfield></datafield><datafield ind1=" " ind2="7" tag="651"><subfield code="a">New York (State)</subfield><subfield code="z">Mineola.</subfield><subfield code="2">fast</subfield><subfield code="0">(OCoLC)fst01223780</subfield></datafield><datafield ind1=" " ind2="7" tag="651"><subfield code="a">New York (State)</subfield><subfield code="z">Nassau County.</subfield><subfield code="2">fast</subfield><subfield code="0">(OCoLC)fst01205518</subfield></datafield><datafield ind1=" " ind2="7" tag="651"><subfield code="a">New York (State)</subfield><subfield code="z">Valley Stream.</subfield><subfield code="2">fast</subfield><subfield code="0">(OCoLC)fst01225464</subfield></datafield><datafield ind1=" " ind2=" " tag="752"><subfield code="a">United States</subfield><subfield code="b">New York</subfield><subfield code="c">Nassau</subfield><subfield code="d">Mineola.</subfield></datafield><datafield ind1=" " ind2=" " tag="752"><subfield code="a">United States</subfield><subfield code="b">New York</subfield><subfield code="c">Nassau</subfield><subfield code="d">Elmont.</subfield></datafield><datafield ind1="0" ind2="0" tag="785"><subfield code="t">Three village times</subfield><subfield code="w">(DLC)sn 97063643</subfield><subfield code="w">(OCoLC)36981759</subfield></datafield></record>